@article{CC01a,
 author = {Chang, Chih-Chung and Lin, Chih-Jen},
 title = {{LIBSVM}: A library for support vector machines},
 journal = {ACM Transactions on Intelligent Systems and Technology},
 volume = {2},
 issue = {3},
 year = {2011},
 pages = {27:1--27:27},
 note =	 {Software available at \url{http://www.csie.ntu.edu.tw/~cjlin/libsvm}}
}

@article{dong2005applying,
  title={Applying support vector machines to predict building energy consumption in tropical region},
  author={Dong, B. and Cao, C. and Lee, S.E.},
  journal={Energy and Buildings},
  volume={37},
  number={5},
  pages={545--553},
  year={2005},
  publisher={Elsevier}
}
@article{cao2003support,
  title={Support vector machine with adaptive parameters in financial time series forecasting},
  author={Cao, L.J. and Tay, F.E.H.},
  journal={Neural Networks, IEEE Transactions on},
  volume={14},
  number={6},
  pages={1506--1518},
  year={2003},
  publisher={IEEE}
}
@article{chen2004load,
  title={Load forecasting using support vector machines: A study on EUNITE competition 2001},
  author={Chen, B.J. and Chang, M.W. and others},
  journal={Power Systems, IEEE Transactions on},
  volume={19},
  number={4},
  pages={1821--1830},
  year={2004},
  publisher={IEEE}
}

@article{olofsson2001long,
  title={Long-term energy demand predictions based on short-term measured data},
  author={Olofsson, T. and Andersson, S.},
  journal={Energy and buildings},
  volume={33},
  number={2},
  pages={85--91},
  year={2001},
  publisher={Elsevier}
}

@article{yu2010decision,
  title={A decision tree method for building energy demand modeling},
  author={Yu, Z. and Haghighat, F. and Fung, B. and Yoshino, H.},
  journal={Energy and Buildings},
  volume={42},
  number={10},
  pages={1637--1646},
  year={2010},
  publisher={Elsevier}
}

@article{nogales2002forecasting,
  title={Forecasting next-day electricity prices by time series models},
  author={Nogales, F.J. and Contreras, J. and Conejo, A.J. and Esp{\'\i}nola, R.},
  journal={Power Systems, IEEE Transactions on},
  volume={17},
  number={2},
  pages={342--348},
  year={2002},
  publisher={IEEE}
}

@article{mandal2007novel,
  title={A novel approach to forecast electricity price for PJM using neural network and similar days method},
  author={Mandal, P. and Senjyu, T. and Urasaki, N. and Funabashi, T. and Srivastava, A.K.},
  journal={Power Systems, IEEE Transactions on},
  volume={22},
  number={4},
  pages={2058--2065},
  year={2007},
  publisher={IEEE}
}

@article{contreras2003arima,
  title={ARIMA models to predict next-day electricity prices},
  author={Contreras, J. and Espinola, R. and Nogales, F.J. and Conejo, A.J.},
  journal={Power Systems, IEEE Transactions on},
  volume={18},
  number={3},
  pages={1014--1020},
  year={2003},
  publisher={IEEE}
}

@Article{ 10.1109/MSP.2011.67,
	author = "Ralph Langner",
	title = "Stuxnet: Dissecting a Cyberwarfare Weapon",
	journal = "IEEE Security and Privacy",
	volume = "9",
	issn = "1540-7993",
	year = "2011",
	pages = "49--51",
	doi = "http://doi.ieeecomputersociety.org/10.1109/MSP.2011.67",
	publisher = "IEEE Computer Society",
	address = "Los Alamitos, CA, USA"
}

@ARTICLE{1965Blackout,
  author={Vassell, G.S.},
  journal={Power Engineering Review, IEEE}, title={Northeast Blackout of 1965},
  year={1991},
  month={january },
  volume={11},
  number={1},
  pages={4},
  keywords={},
  doi={10.1109/MPER.1991.88621},
  ISSN={0272-1724}
}

@INPROCEEDINGS{MinVerlnerable,
author={Yang, B. and Yang, M. and Wang, J. and Zheng, S.Q.},
booktitle={Parallel Architectures,Algorithms and Networks, 2005. ISPAN 2005. Proceedings. 8th International Symposium on}, title={Minimum cost paths subject to minimum vulnerability for reliable communications},
year={2005},
month={dec.},
volume={},
number={},
pages={ 6 pp.},
keywords={ disjoint path; dual-homing architecture; minimum cost path; minimum vulnerability; multicast communication; polynomial algorithm; reliable client-server communication; reliable communication; single link-node failure; unicast communication; computational complexity; graph theory; polynomials; telecommunication network reliability; telecommunication network topology;},
doi={10.1109/ISPAN.2005.60},
ISSN={1087-4089},}

@inproceedings{MinimumSharedPath,
 author = {Omran, Masoud T. and Sack, J\"{o}rg-R\"{u}diger and Zarrabi-Zadeh, Hamid},
 title = {Finding paths with minimum shared edges},
 booktitle = {Proceedings of the 17th annual international conference on Computing and combinatorics},
 series = {COCOON'11},
 year = {2011},
 isbn = {978-3-642-22684-7},
 location = {Dallas, TX},
 pages = {567--578},
 numpages = {12},
 acmid = {2033143},
 publisher = {Springer-Verlag},
 address = {Berlin, Heidelberg},
} 

@ARTICLE{GridStat,
author={Gjermundrod, H. and Gjermundrod, H. and Bakken, D.E. and Hauser, C.H. and Bose, A.},
journal={Power Delivery, IEEE Transactions on}, title={GridStat: A Flexible QoS-Managed Data Dissemination Framework for the Power Grid},
year={2009},
month={jan. },
volume={24},
number={1},
pages={136 -143},
keywords={QoS-managed data dissemination framework;SCADA system;global positioning system;gridstat;high voltage substations;middleware framework;postevent analysis;power grid;real time monitoring;secure data communication;supervisory control and data access;time synchronization;wide-area control;wide-area protection;SCADA systems;middleware;power engineering computing;power grids;power system control;power system measurement;power system protection;power system security;quality of service;substations;},
doi={10.1109/TPWRD.2008.917693},
ISSN={0885-8977},}

@INPROCEEDINGS{Birman05overcomingcommunications,
    author = {Kenneth P. Birman and Jie Chen and Ken Hopkinson and Bob Thomas and Jim Thorp and Robbert Van Renesse and Werner Vogels},
    title = {Overcoming communications challenges in software for monitoring and controlling power systems},
    booktitle = {Proc. of IEEE},
    year = {2005},
    pages = {1028}
}

@ARTICLE{SmartGenTransRealTimeData,
  author={Bakken, D.E. and Bose, A. and Hauser, C.H. and Whitehead, D.E. and Zweigle, G.C.},
  journal={Proceedings of the IEEE}, title={Smart Generation and Transmission With Coherent, Real-Time Data},
  year={2011},
  month={june },
  volume={99},
  number={6},
  pages={928 -951},
  keywords={baseline communications requirements;commercial middleware products;data delivery system;distributed computing;electric systems;electrical generation;electrical transmission;low-level network protocols;overlay networking;power system;real-time data measurement;smart generation;smart grids;middleware;power engineering computing;power system management;power system measurement;power system planning;power system reliability;smart power grids;},
  doi={10.1109/JPROC.2011.2116110},
  ISSN={0018-9219},}

@book{DistributedEventBasedSystems,
  author =	 {Muhl, Gero, Fiege, Ludger, Pietzuch, Peter},
  title =	 {Distributed Event-Based Systems},
  publisher =	 {Springer},
  volume =	 {1},
  edition =	 {1st},
  year =	 {2006}
}

@article{CDN-predict,
 author = {Edara, Pavan and Limaye, Ashwin and Ramamritham, Krithi},
 title = {Asynchronous in-network prediction: Efficient aggregation in sensor networks},
 journal = {ACM Trans. Sen. Netw.},
 issue_date = {August 2008},
 volume = {4},
 number = {4},
 month = sep,
 year = {2008},
 issn = {1550-4859},
 pages = {25:1--25:34},
 articleno = {25},
 numpages = {34},
 url = {http://doi.acm.org/10.1145/1387663.1387671},
 doi = {10.1145/1387663.1387671},
 acmid = {1387671},
 publisher = {ACM},
 address = {New York, NY, USA},
 keywords = {Aggregation, coherency, energy efficient, prediction, query processing},
}

@INPROCEEDINGS{Synchrophasor,
author={Schweitzer, E.O. and Whitehead, D. and Zweigle, G. and Ravikumar, K.G.},
booktitle={Protective Relay Engineers, 2010 63rd Annual Conference for}, title={Synchrophasor-based power system protection and control applications},
year={2010},
month={29 2010-april 1},
volume={},
number={},
pages={1 -10},
keywords={coherent data set;grid interconnection;intermittent generation source control;islanding control;load shedding;post-event analysis;power system control;power system protection;synchrophasor systems;voltage stability correction;voltage stability detection;load shedding;phase measurement;power system control;power system protection;},
doi={10.1109/CPRE.2010.5469481},
ISSN={},}

@ARTICLE{ScalableAggregation,
author={Gupta, R. and Ramamritham, K.},
journal={Internet Computing, IEEE}, title={Scalable Execution of Continuous Aggregation Queries over Web Data},
year={2012},
month={jan.-feb. },
volume={16},
number={1},
pages={43 -51},
keywords={Internet data;Web data;aggregation function;continuous aggregation query;data aggregator;distributed data source;dynamic user experience;intermediate proxy;message exchange;personalized user experience;pull-based mechanism;push-based mechanism;query imprecision;query scalable execution;Internet;distributed databases;query processing;},
doi={10.1109/MIC.2012.13},
ISSN={1089-7801},}
